@INPROCEEDINGS{corenlp,
	AUTHOR = "C. D. Manning and M. Surdeanu and J. Bauer and J. Finkel and S. J. Bethard and D. McClosky",
	TITLE = "The {Stanford} {CoreNLP} {Natural} {Language} {Processing} {Toolkit}",
	BOOKTITLE = "Proceedings of the 52nd Annual Meeting of the Association for Computational Linguistics: System Demonstrations",
	PAGES = {55--60},
	YEAR = {2014}
}

@INPROCEEDINGS{mioverview,
	AUTHOR = "H. Joho and A. Jatowt and R. Blanco and H. Yu and S. Yamamoto",
	TITLE = "Overview of the {NTCIR}-12 {Temporal} {Information} {Access} ({Temporalia}-2) {Task}",
	BOOKTITLE = "Proceedings of the 12th {NTCIR} Conference on Evaluation of Information Access Technologies",
	YEAR = {2016}
}

@INPROCEEDINGS{sutime,
	AUTHOR = "A. X. Chang and C. D. Manning",
	TITLE = "Sutime: {A} library for recognizing and normalizing time expressions",
	BOOKTITLE = "Proceedings of 8th International Conference on Language Resources and Evaluation",
	PAGES = {},
	YEAR = {2012}
}

@INPROCEEDINGS{postagger,
	AUTHOR = "K. Toutanova and D. Klein and C. D. Manning and Y. Singer",
	TITLE = "Feature-rich part-of-speech tagging with a cyclic dependency network",
	BOOKTITLE = "Proceedings of HLT-NAACL",
	PAGES = {252-259},
	YEAR = {2003}
}

@INPROCEEDINGS{parser,
	AUTHOR = "R. Socher and J. Bauer and C. D. Manning and A. Y. Ng",
	TITLE = "Parsing with compositional vector grammars",
	BOOKTITLE = "Proceedings of ACL conference",
	PAGES = {},
	YEAR = {2013}
}

@INPROCEEDINGS{gte,
	AUTHOR = "R. Campos and G. Dias and A. Jorge and C. Nunes",
	TITLE = "Gte: A distributional second-order co-occurrence approach to improve the identification of top relevant dates in web snippets",
	BOOKTITLE = "Proceedings of CIKM",
	PAGES = {2035-2039},
	YEAR = {2012}
}

@INPROCEEDINGS{lm,
	AUTHOR = "C. Zhai and J. Lafferty",
	TITLE = "A study of smoothing methods for language models applied to {Ad} {Hoc} information retrieval",
	BOOKTITLE = "Proceedings of SIGIR",
	PAGES = {},
	YEAR = {2001}
}

@INPROCEEDINGS{ltor,
	AUTHOR = "T.-Y. Liu.",
	TITLE = "Learning to {Rank} for {Information} {Retrieval}",
	BOOKTITLE = "Springer",
	PAGES = {},
	YEAR = {2011}
}

@INPROCEEDINGS{adarank,
	AUTHOR = "J. Xu and H. Li.",
	TITLE = "{AdaRank}: a boosting algorithm for information retrieval",
	BOOKTITLE = "Proceedings of SIGIR",
	PAGES = {},
	YEAR = {2007}
}

@article{rankboost,
    author = {Y. Freund and R. Iyer and R. E. Schapire and Y. Singer},
    title = {An efficient boosting algorithm for combining preferences},
    journal = {Journal of Machine Learning Research},
    year = {2003},
    pages = {933--969},
}

@article{lambdamart,
    author = {Q. Wu and C.J.C. Burges and K. Svore and J. Gao},
    title = {Adapting Boosting for Information Retrieval Measures},
    journal = {Journal of Information Retrieval},
    year = {2007},
}

@article{tir,
    author = {R. Campos and G. Dias and A. Jorge and A. Jatowt},
    title = {Survey of {Temporal} {Information} {Retrieval} and {Related} {Applications}},
    journal = {ACM Computing Surveys (CSUR)},
    volume = {47},
    number = {2},
    pages = {15},
    year = {2014},
}


@INPROCEEDINGS{twaw,
	AUTHOR = {O. Alonso and J. Str{\"o}tgen and R. Baeza-Yates and M. Gertz},
	TITLE = {Temporal information retrieval: challenges and opportunities},
	BOOKTITLE = {Proceedings of TWAW'11 associated with WWW'11},
	PAGES = {},
	YEAR = {2011}
}

@INPROCEEDINGS{ecir08,
	AUTHOR = {S. Nunes and C. Ribeiro and G. David},
	TITLE = {Use of temporal expressions in web search},
	BOOKTITLE = {Proceedings of ECIR},
	PAGES = {},
	YEAR = {2008}
}

@INPROCEEDINGS{sigir09,
	AUTHOR = {D. Metzler and R. Jones and F. Peng and R. Zhang},
	TITLE = {Improving {Search} {Relevance} for {Implicitly} {Temporal} {Queries}},
	BOOKTITLE = {Proceedings of SIGIR},
	PAGES = {},
	YEAR = {2009}
}

@INPROCEEDINGS{ecir10,
	AUTHOR = {K. Berberich and S. Bedathur and O. Alonso and G. Weikum},
	TITLE = {A {Language} {Modeling} {Approach} for {Temporal} {Information} {Needs}},
	BOOKTITLE = {Proceedings of ECIR},
	PAGES = {},
	YEAR = {2010}
}

@INPROCEEDINGS{ecdl10,
	AUTHOR = {N. Kanhabua and K. N{\o}rv{\"a}g},
	TITLE = {Determing {Time} of {Queries} for {Re-Ranking} {Search} {Results}},
	BOOKTITLE = {Proceedings of ECDL},
	PAGES = {13--25},
	YEAR = {2010}
}

@INPROCEEDINGS{cikm03,
	AUTHOR = {X. Li and W.B. Croft},
	TITLE = {Time-based language models},
	BOOKTITLE = {Proceedings of CIKM},
	PAGES = {469--475},
	YEAR = {2003}
}

@article{tir15,
year = {2015},
volume = {9},
journal = {Foundations and Trends in Information Retrieval},
title = {Temporal Information Retrieval},
number = {2},
pages = {91-208},
author = {Nattiya Kanhabua and Roi Blanco and Kjetil N{\o}rv{\aa}g}
}

@INPROCEEDINGS{hitsz,
	AUTHOR = "Y. Hou and Q. Chen and J. Xu and Y. Pan and Q. Chen and X. Wang",
	TITLE = "{HITSZ-ICRC} at the {NTCIR}-11 temporalia task",
	BOOKTITLE = "Proceedings of the 11th {NTCIR} Conference on Evaluation of Information Access Technologies",
	YEAR = {2014}
}

@INPROCEEDINGS{tuta,
	AUTHOR = "H.-T. Yu and X. Kang and F. Ren",
	TITLE = "{TUTA1} at the {NTCIR}-11 temporalia task",
	BOOKTITLE = "Proceedings of the 11th {NTCIR} Conference on Evaluation of Information Access Technologies",
	YEAR = {2014}
}
